<?xml version="1.0" encoding="UTF-8"?><collection xmlns="http://www.loc.gov/MARC21/slim"><record><leader>00441nam--2200121-i-4500</leader><controlfield tag="001">000037745</controlfield><controlfield tag="002">20161230</controlfield><controlfield tag="005">20161230201041</controlfield><controlfield tag="008">060222s1000------------r-----000-0-eng-d</controlfield><datafield ind1=" " ind2=" " tag="100"><subfield code="a">Quinet, J</subfield></datafield><datafield ind1=" " ind2=" " tag="245"><subfield code="a">Theorie et pratique des circuits de l`electronique et des amplificateurs. tome ii: les amplifacateurs hf et bf. les oscillateurs et la modulation. filtres et ponts de mesure (5-e edition)</subfield></datafield><datafield ind1=" " ind2=" " tag="260"><subfield code="a">Paris, Dunod, 1962-1964</subfield></datafield><datafield ind1=" " ind2=" " tag="852"><subfield code="a">17712</subfield></datafield></record></collection>